<record><leader>00000cas a22000007a 4500</leader><controlfield tag="001">20372000</controlfield><controlfield tag="008">890920d19861987mouwr ne      0    0eng d</controlfield><datafield ind1=" " ind2=" " tag="010"><subfield code="a">sn 89067268 </subfield></datafield><datafield ind1=" " ind2=" " tag="040"><subfield code="a">MQN</subfield><subfield code="b">eng</subfield><subfield code="c">MQN</subfield><subfield code="d">OCLCQ</subfield></datafield><datafield ind1=" " ind2=" " tag="042"><subfield code="a">msc</subfield></datafield><datafield ind1="0" ind2=" " tag="130"><subfield code="a">Branson beacon and leader (Branson, Mo. : 1986)</subfield></datafield><datafield ind1="1" ind2="4" tag="245"><subfield code="a">The Branson beacon and leader.</subfield></datafield><datafield ind1=" " ind2=" " tag="260"><subfield code="a">Branson, Mo. :</subfield><subfield code="b">Tri-Lakes Newspapers,</subfield><subfield code="c">1986-1987.</subfield></datafield><datafield ind1=" " ind2=" " tag="300"><subfield code="a">v.</subfield></datafield><datafield ind1=" " ind2=" " tag="310"><subfield code="a">Weekly</subfield></datafield><datafield ind1="0" ind2=" " tag="362"><subfield code="a">Vol. 75, no. 39 (Oct. 14, 1986)-v. 78, no. 6 (Feb. 24, 1987).</subfield></datafield><datafield ind1=" " ind2=" " tag="752"><subfield code="a">United States</subfield><subfield code="b">Missouri</subfield><subfield code="c">Taney</subfield><subfield code="d">Branson.</subfield></datafield><datafield ind1="0" ind2="0" tag="780"><subfield code="t">Beacon and leader</subfield><subfield code="w">(DLC)sn 89067267</subfield></datafield><datafield ind1="0" ind2="7" tag="785"><subfield code="t">Branson beacon</subfield><subfield code="w">(DLC)sn 89066085</subfield></datafield><datafield ind1="0" ind2="7" tag="785"><subfield code="t">Branson beacon and White River leader</subfield><subfield code="w">(DLC)sn 89066086</subfield></datafield></record>